<record><leader>00000cas a22000007a 4500</leader><controlfield tag="001">13749893</controlfield><controlfield tag="008">860619d18651866inumr ne      0    0eng d</controlfield><datafield ind1=" " ind2=" " tag="010"><subfield code="a">sn 86058629 </subfield></datafield><datafield ind1=" " ind2=" " tag="040"><subfield code="a">NPI</subfield><subfield code="b">eng</subfield><subfield code="c">NPI</subfield><subfield code="d">OCLCQ</subfield></datafield><datafield ind1=" " ind2=" " tag="042"><subfield code="a">msc</subfield></datafield><datafield ind1="0" ind2="0" tag="245"><subfield code="a">Indiana ruralist.</subfield></datafield><datafield ind1=" " ind2=" " tag="260"><subfield code="a">Knightstown, Ind. :</subfield><subfield code="b">J.A. Deem, Jr.</subfield></datafield><datafield ind1=" " ind2=" " tag="300"><subfield code="a">v. ;</subfield><subfield code="c">40 cm.</subfield></datafield><datafield ind1=" " ind2=" " tag="310"><subfield code="a">Monthly</subfield></datafield><datafield ind1="1" ind2=" " tag="362"><subfield code="a">Began in May? 1865; seems to have ceased in Apr. 1866.</subfield></datafield><datafield ind1=" " ind2=" " tag="500"><subfield code="a">"Devoted to agriculture, horticulture, markets and domestic economy."</subfield></datafield><datafield ind1=" " ind2=" " tag="588"><subfield code="a">Description based on: Vol. 1, no. 11 (Mar. 1886).</subfield></datafield><datafield ind1=" " ind2=" " tag="752"><subfield code="a">United States</subfield><subfield code="b">Indiana</subfield><subfield code="c">Henry</subfield><subfield code="d">Knightstown.</subfield></datafield></record>